@article{Colton2012Full,
  title={Full-FACE Poetry Generation},
  author={Colton, Simon and Goodwin, Jacob and Veale, Tony},
  year={2012},
}

@article{Oliveira2015Tra,
  title={Tra-la-Lyrics 2.0: Automatic Generation of Song Lyrics on a Semantic Domain},
  author={Oliveira, Hugo Gon√ßalo},
  journal={Journal of Artificial General Intelligence},
  volume={6},
  number={1},
  pages={87-110},
  year={2015},
}

@inproceedings{Ghazvininejad2016Generating,
  title={Generating Topical Poetry},
  author={Ghazvininejad, Marjan and Shi, Xing and Choi, Yejin and Knight, Kevin},
  booktitle={Conference on Empirical Methods in Natural Language Processing},
  pages={1183-1191},
  year={2016},
}

@article{Yi2017Generating,
  title={Generating Chinese Classical Poems with RNN Encoder-Decoder},
  author={Yi, Xiaoyuan and Li, Ruoyu and Sun, Maosong},
  year={2017},
}

@inproceedings{Zhang2014Chinese,
  title={Chinese Poetry Generation with Recurrent Neural Networks},
  author={Zhang, Xingxing and Lapata, Mirella},
  booktitle={Conference on Empirical Methods in Natural Language Processing},
  pages={670-680},
  year={2014},
}

@article{Kalchbrenner2016Neural,
  title={Neural Machine Translation in Linear Time},
  author={Kalchbrenner, Nal and Espeholt, Lasse and Simonyan, Karen and Oord, Aaron Van Den and Graves, Alex and Kavukcuoglu, Koray},
  year={2016},
}

@article{Zhou2016Deep,
  title={Deep Recurrent Models with Fast-Forward Connections for Neural Machine Translation},
  author={Zhou, Jie and Cao, Ying and Wang, Xuguang and Li, Peng and Xu, Wei},
  year={2016},
}

@article{Wu2016Google,
  title={Google's Neural Machine Translation System: Bridging the Gap between Human and Machine Translation},
  author={Wu, Yonghui and Schuster, Mike and Chen, Zhifeng and Le, Quoc V and Norouzi, Mohammad and Macherey, Wolfgang and Krikun, Maxim and Cao, Yuan and Gao, Qin and Macherey, Klaus},
  year={2016},
}

@inproceedings{sigurbjornsson2008flickr,
  title={Flickr tag recommendation based on collective knowledge},
  author={Sigurbj{\"o}rnsson, B{\"o}rkur and Van Zwol, Roelof},
  booktitle={Proceedings of the 17th international conference on World Wide Web},
  pages={327--336},
  year={2008},
  organization={ACM}
}

@inproceedings{vig2009tagsplanations,
  title={Tagsplanations: explaining recommendations using tags},
  author={Vig, Jesse and Sen, Shilad and Riedl, John},
  booktitle={Proceedings of the 14th international conference on Intelligent user interfaces},
  pages={47--56},
  year={2009},
  organization={ACM}
}

@article{gedikli2014should,
  title={How should I explain? A comparison of different explanation types for recommender systems},
  author={Gedikli, Fatih and Jannach, Dietmar and Ge, Mouzhi},
  journal={International Journal of Human-Computer Studies},
  volume={72},
  number={4},
  pages={367--382},
  year={2014},
  publisher={Elsevier}
}

@inproceedings{sarwar2001item,
  title={Item-based collaborative filtering recommendation algorithms},
  author={Sarwar, Badrul and Karypis, George and Konstan, Joseph and Riedl, John},
  booktitle={Proceedings of the 10th international conference on World Wide Web},
  pages={285--295},
  year={2001},
  organization={ACM}
}

@inproceedings{wu2015flame,
  title={Flame: A probabilistic model combining aspect based opinion mining and collaborative filtering},
  author={Wu, Yao and Ester, Martin},
  booktitle={Proceedings of the Eighth ACM International Conference on Web Search and Data Mining},
  pages={199--208},
  year={2015},
  organization={ACM}
}

@inproceedings{herlocker2000explaining,
  title={Explaining collaborative filtering recommendations},
  author={Herlocker, Jonathan L and Konstan, Joseph A and Riedl, John},
  booktitle={Proceedings of the 2000 ACM conference on Computer supported cooperative work},
  pages={241--250},
  year={2000},
  organization={ACM}
}

@article{zhang2017entity,
  title={Entity suggestion with conceptual explanation},
  author={Zhang, Yi and Xiao, Yanghua and Hwang, Seung-won and Wang, Haixun and Wang, X Sean and Wang, Wei},
  journal={IJCAI2017},
  year={2017}
}

@inproceedings{ozbal2013brainsup,
  title={BRAINSUP: Brainstorming support for creative sentence generation},
  author={{\"O}zbal, G{\"o}zde and Pighin, Daniele and Strapparava, Carlo},
  booktitle={Proceedings of the 51st Annual Meeting of the Association for Computational Linguistics (Volume 1: Long Papers)},
  volume={1},
  pages={1446--1455},
  year={2013}
}

@article{ratner2017snorkel,
  title={Snorkel: Rapid training data creation with weak supervision},
  author={Ratner, Alexander and Bach, Stephen H and Ehrenberg, Henry and Fries, Jason and Wu, Sen and R{\'e}, Christopher},
  journal={Proceedings of the VLDB Endowment},
  volume={11},
  number={3},
  pages={269--282},
  year={2017},
  publisher={VLDB Endowment}
}

@inproceedings{vaswani2017attention,
  title={Attention is all you need},
  author={Vaswani, Ashish and Shazeer, Noam and Parmar, Niki and Uszkoreit, Jakob and Jones, Llion and Gomez, Aidan N and Kaiser, {\L}ukasz and Polosukhin, Illia},
  booktitle={Advances in Neural Information Processing Systems},
  pages={5998--6008},
  year={2017}
}

@article{lin2004rouge,
  title={Rouge: A package for automatic evaluation of summaries},
  author={Lin, Chin-Yew},
  journal={Text Summarization Branches Out},
  year={2004}
}

@inproceedings{papineni2002bleu,
  title={BLEU: a method for automatic evaluation of machine translation},
  author={Papineni, Kishore and Roukos, Salim and Ward, Todd and Zhu, Wei-Jing},
  booktitle={Proceedings of the 40th annual meeting on association for computational linguistics},
  pages={311--318},
  year={2002},
  organization={Association for Computational Linguistics}
}

@article{wang2016chinese,
  title={Chinese poetry generation with planning based neural network},
  author={Wang, Zhe and He, Wei and Wu, Hua and Wu, Haiyang and Li, Wei and Wang, Haifeng and Chen, Enhong},
  journal={arXiv preprint arXiv:1610.09889},
  year={2016}
}

@inproceedings{munigala2018persuaide,
  title={PersuAIDE! An Adaptive Persuasive Text Generation System for Fashion Domain},
  author={Munigala, Vitobha and Mishra, Abhijit and Tamilselvam, Srikanth G and Khare, Shreya and Dasgupta, Riddhiman and Sankaran, Anush},
  booktitle={Companion of the The Web Conference 2018 on The Web Conference 2018},
  pages={335--342},
  year={2018},
  organization={International World Wide Web Conferences Steering Committee}
}

@article{gu2016incorporating,
  title={Incorporating copying mechanism in sequence-to-sequence learning},
  author={Gu, Jiatao and Lu, Zhengdong and Li, Hang and Li, Victor OK},
  journal={arXiv preprint arXiv:1603.06393},
  year={2016}
}